@article{schoenbrodt_pse_database,
  author  = {Schönbrodt, F. D. and Hagemeyer, B. and Brandstätter, V. and Czikmantori, T. and Gröpel, P. and Hennecke, M. and Israel, L. S. F. and Janson, K. and Kemper, N. and Köllner, M. and Kopp, P. M. and Mojzisch, A. and Müller-Hotop, R. and Prüfer, J. and Quirin, M. and Scheidemann, B. and Schiestel, L. and Schulz-Hardt, S. and Sust, L. and Zygar, C. and Schultheiss, O.},
  title   = {Measuring implicit motives with the Picture Story Exercise (PSE): Databases of expert-coded german stories, pictures, and updated picture norms},
  journal = {Journal of Personality Assessment},
  volume  = {},
  year    = {2019},
  pages   = {},
}